<?xml version="1.0" encoding="UTF-8"?><record xmlns="http://www.loc.gov/MARC21/slim" xmlns:cinclude="http://apache.org/cocoon/include/1.0" xmlns:zs="http://www.loc.gov/zing/srw/">
  <leader>00609nz  a2200145n  4500</leader>
  <controlfield tag="001">nr 97014218 </controlfield>
  <controlfield tag="003">DLC</controlfield>
  <controlfield tag="005">19970423052207.1</controlfield>
  <controlfield tag="008">970416n| acannaab|          |a aaa     c</controlfield>
  <datafield tag="010" ind1=" " ind2=" ">
    <subfield code="a">nr 97014218 </subfield>
  </datafield>
  <datafield tag="040" ind1=" " ind2=" ">
    <subfield code="a">MWA</subfield>
    <subfield code="c">MWA</subfield>
  </datafield>
  <datafield tag="100" ind1="1" ind2="0">
    <subfield code="a">Wesby, Joseph Shellengsforth,</subfield>
    <subfield code="d">1818-1886</subfield>
  </datafield>
  <datafield tag="400" ind1="1" ind2="0">
    <subfield code="a">Wesby, J. S.</subfield>
    <subfield code="q">(Joseph Shellengsforth),</subfield>
    <subfield code="d">1818-1886</subfield>
  </datafield>
  <datafield tag="670" ind1=" " ind2=" ">
    <subfield code="a">Child's book of poetry, 1855:</subfield>
    <subfield code="b">t.p. (J.S. Wesby; Worcester, Mass., publisher, bookseller, and binder)</subfield>
  </datafield>
  <datafield tag="670" ind1=" " ind2=" ">
    <subfield code="a">Nutt, C. Descendants of George Puffer, 1915:</subfield>
    <subfield code="b">p. 231 (Joseph Shellengsforth Wesby; binder; b. Philadelphia 2/18/1818; d. Worcester, Mass. 11/3/1886)</subfield>
  </datafield>
</record>